@article{HIP_rfc,
    author    = "R. Moskowitz and P. Nikander",
    title     = "Host {I}dentity {P}rotocol ({HIP})",
    journal   = "IETF, RFC 4423",
    year      = "2006",
}
@conference{{Efthymiou_anon,
    author    = "C. Efthymiou, G.Kalogridis",
    title     = "Smart Grid Privacy via Anonymization of Smart Metering Data",
    booktitle = "IEEE SmartGridComm",
    year      = "2010",
}

@techreport{BSI_pp,
    author    = "H. Kreytzmann, N. Tekampe and A. Abromeit",
    title     = "Protection Profile for the Gateway of a Smart Metering System 0.9.2 Draft",
    institution = "Federal Office for Information Security, Germany(BSI)",
    year      = "2011",
    month    = "mar.",
}
@article{IEEE_802.15,
    author    = {IEEE},
    title     = {802.15.4},
    journal = {IEEE Computer Society},
}

@ARTICLE{Sta_duck, 
author={Stajano, F. and Anderson, R.}, 
journal={Computer}, 
title={The Resurrecting Duckling: security issues for ubiquitous computing }, 
year={2002}, 
month={apr}, 
volume={35}, 
number={4}, 
pages={22 -26}, 
keywords={Resurrecting Duckling security policy model;ad hoc wireless networks;authentication;availability;data confidentiality;data integrity;data security;embedded computers;peer-to-peer;ubiquitous computing;data integrity;data privacy;security of data;telecommunication security;}, 
doi={10.1109/MC.2002.1012427}, 
ISSN={0018-9162},}

@INPROCEEDINGS{PLC_galli, 
author={Galli, S. and Scaglione, A. and Zhifang Wang}, 
booktitle={Smart Grid Communications (SmartGridComm), 2010 First IEEE International Conference on}, title={Power Line Communications and the Smart Grid}, 
year={2010}, 
month={oct.}, 
volume={}, 
number={}, 
pages={303 -308}, 
keywords={PLC;communication technology;distributed control;networking technology;power distribution network;power grid;power line communications;sensor networking;smart grid design;carrier transmission on power lines;smart power grids;}, 
doi={10.1109/SMARTGRID.2010.5622060}, 
ISSN={},}

@INPROCEEDINGS{IP_PLC, 
author={Chauvenet, C. and Tourancheau, B. and Genon-Catalot, D. and Goudet, P.-E. and Pouillot, M.}, 
booktitle="{Smart Grid Communications (SmartGridComm), 2010 First IEEE International Conference on}", title="{A Communication Stack over PLC for Multi Physical Layer IPv6 Networking}", 
year={2010}, 
month={oct.}, 
volume={}, 
number={}, 
pages={250 -255}, 
keywords={6LoWPAN adaptation;IEEE 802.15.4 standard protocol;LR-WPAN;PLC;RPL setup;communication stack;home area networks;home control;interoperability;lossy context;low data-rate context;low-power context;low-rate wireless personal area network;multi physical layer IPv6 networking;open standards;powerline communication;powerline transceiver;pulse modulation;routing protocol;sensor networks;smart metering;IEEE standards;IP networks;carrier transmission on power lines;metering;open systems;personal area networks;pulse modulation;routing protocols;transceivers;}, 
doi={10.1109/SMARTGRID.2010.5622052}, 
ISSN={},}

@UNPUBLISHED{6LPN_dna_draft,
   author = "E. Kim, D. Kaspar, N. Chevrollier, and JP. Vasseur",
   title = "{Design and Application Spaces for 6LoWPANs}",
   note = "draft-ietf-6lowpan-usecases-09",
   month = jan,
   year = 2011
   }

@article{6LPN_prob_rfc,
    author    = "N.Kushalnagar and G. Montenegro and C.Schumacher",
    title     = "{IPv6 over Low-Power  Wireless Personal Area Networks (6LoWPANS): Overview, Assumptions, Problem Statement, and Goals}",
    journal   = "IETF, RFC 4919",
    year      = "2007",
}

@misc{OPEN_mtr_link,
title = "{OPEN meter project}",
howpublished = "\url{http://www.openmeter.com}"
}
@unpublished{OPEN_mtr_reg,
    author = {G. Romero and others},
    title  = "{Report on regulatory requirements}",
    note = "{OPEN meter project}"
}
@unpublished{OPEN_mtr_tech,
    author = {M. Bittner and others},
    title  = "{General overview of state-of-the-art 
technological alternatives}",
    note = "{OPEN meter project}"
}
@unpublished{OPEN_mtr_arch,
    author = {A. Ankou and others},
    title  = "{Design of the overall system architecture}",
    note = "{OPEN meter project}"
}
@inproceedings{Esch_key_mgmt,
 author = {Eschenauer, Laurent and Gligor, Virgil D.},
 title = {A key-management scheme for distributed sensor networks},
 booktitle = {Proceedings of the 9th ACM conference on Computer and communications security},
 series = {CCS '02},
 year = {2002},
 isbn = {1-58113-612-9},
 location = {Washington, DC, USA},
 pages = {41--47},
 numpages = {7},
 url = {http://doi.acm.org/10.1145/586110.586117},
 doi = {http://doi.acm.org/10.1145/586110.586117},
 acmid = {586117},
 publisher = {ACM},
 address = {New York, NY, USA},
 keywords = {key management, probabilistic key sharing, random graphs, sensor networks},
} 